<record><leader>00000cas a2200000 a 4500</leader><controlfield tag="001">9903249</controlfield><controlfield tag="008">830913u1907uuuuaruqx ne      0   a0eng d</controlfield><datafield ind1=" " ind2=" " tag="010"><subfield code="a">sn 93050600 </subfield></datafield><datafield ind1=" " ind2=" " tag="040"><subfield code="a">AFU</subfield><subfield code="b">eng</subfield><subfield code="c">AFU</subfield><subfield code="d">ANU</subfield><subfield code="d">OCL</subfield><subfield code="d">OCLCQ</subfield><subfield code="d">OCLCF</subfield><subfield code="d">OCLCO</subfield></datafield><datafield ind1="1" ind2=" " tag="029"><subfield code="a">AU@</subfield><subfield code="b">000024692939</subfield></datafield><datafield ind1=" " ind2=" " tag="042"><subfield code="a">msc</subfield></datafield><datafield ind1="0" ind2="0" tag="245"><subfield code="a">Arkansas white ribboner.</subfield></datafield><datafield ind1=" " ind2=" " tag="260"><subfield code="a">Paris, Ark. :</subfield><subfield code="b">Arkansas Woman's Christian Temperance Union</subfield></datafield><datafield ind1=" " ind2=" " tag="300"><subfield code="a">v.</subfield></datafield><datafield ind1=" " ind2=" " tag="310"><subfield code="a">Quarterly (irregular),</subfield><subfield code="b">Fall 1981-Apr./May/June 1988</subfield></datafield><datafield ind1=" " ind2=" " tag="321"><subfield code="a">Monthly (irregular),</subfield><subfield code="b">1908-1937</subfield></datafield><datafield ind1=" " ind2=" " tag="321"><subfield code="a">Eleven issues yearly,</subfield><subfield code="b">1938-1971</subfield></datafield><datafield ind1=" " ind2=" " tag="321"><subfield code="a">Bimonthly,</subfield><subfield code="b">1972-July/Aug. 1981</subfield></datafield><datafield ind1="1" ind2=" " tag="362"><subfield code="a">Began in Dec. 1907?</subfield></datafield><datafield ind1=" " ind2=" " tag="500"><subfield code="a">Published in Prescott, Ark., &lt;July 20, 1918&gt;-Nov. 1936, and in Stuttgart, Ark., Dec. 1936-Feb. 1943. Published in Little Rock, Ark., Mar. 1943-&lt;June 1988&gt;.</subfield></datafield><datafield ind1=" " ind2=" " tag="588"><subfield code="a">Description based on: Vol. 1, no. 2 (Jan. 20, 1908).</subfield></datafield><datafield ind1=" " ind2="0" tag="650"><subfield code="a">Temperance</subfield><subfield code="x">Societies, etc.</subfield><subfield code="v">Newspapers.</subfield></datafield><datafield ind1=" " ind2="7" tag="655"><subfield code="a">Newspapers.</subfield><subfield code="2">fast</subfield><subfield code="0">(OCoLC)fst01423814</subfield></datafield><datafield ind1=" " ind2="7" tag="650"><subfield code="a">Temperance</subfield><subfield code="x">Societies, etc.</subfield><subfield code="2">fast</subfield><subfield code="0">(OCoLC)fst01147318</subfield></datafield><datafield ind1="2" ind2=" " tag="710"><subfield code="a">Woman's Christian Temperance Union (Ark.)</subfield></datafield><datafield ind1=" " ind2=" " tag="752"><subfield code="a">United States</subfield><subfield code="b">Arkansas</subfield><subfield code="c">Pulaski</subfield><subfield code="d">Little Rock.</subfield></datafield><datafield ind1=" " ind2=" " tag="752"><subfield code="a">United States</subfield><subfield code="b">Arkansas</subfield><subfield code="c">Arkansas</subfield><subfield code="d">Stuttgart.</subfield></datafield><datafield ind1=" " ind2=" " tag="752"><subfield code="a">United States</subfield><subfield code="b">Arkansas</subfield><subfield code="c">Nevada</subfield><subfield code="d">Prescott.</subfield></datafield></record>